
@book{timm2002applied,
  title={Applied Multivariate Analysis},
  author={Timm, Neil H.},
  year={2002},
  publisher={Springer}
}

@book{jollife2002principal,
  title={Principal Component Analysis},
  author={Jollife, Ian T.},
  year={2002},
  publisher={Springer}
}

@book{hastie2008elements,
  title={The Elements of Statistical Learning},
  author={Hastie, Trevor and Tibshirani, Robert and Jerome Friedman},
  year={2008},
  publisher={Springer}
}

@book{cristianini2004introduction,
  title={An Introduction to Support Vector Machines and Other Kernel-based Learning Methods},
  author={Cristianini, Nello and Shawe-Taylor, John},
  year={2004},
  publisher={Cambridge University Press}
}

@incollection{scholkopf1999kernel,
title={Kernel {P}rincipal {C}omponent {A}nalysis},
author={Schölkopf, Bernhard and Smola, Alexander and Müller, Klaus-Robert},
booktitle={Advances in Kernel Methods: Support Vector Learning},
pages={327--352},
year={1999},
publisher={MIT Press} 
} 

@book{cristianini2004kernels,
  title={Kernel Methods for Pattern Analysis},
  author={Cristianini, Nello and Shawe-Taylor, J},
  year={2004},
  publisher={Cambridge University Press}
}

@misc{Lichman:2013 ,
author = "M. Lichman",
year = "2013",
title = {{UCI} {M}achine {L}earning {R}epository},
howpublished = "\url{http://archive.ics.uci.edu/ml} , University of California, Irvine, School of Information and Computer Sciences" }


@mastersthesis{shah2007support,
  title={Support {V}ector {M}achines for {C}lassification and {R}egression},
  author={Shah, Rohan Shiloh},
  year={2007},
  school={McGill University}
}

@book{rudin1991functional,
  title={Fuctional Analysis},
  author={Rudin, Walter},
  year={1991},
  publisher={McGraw-Hill}
}

@unpublished{Sejdinvic2012rkhs,
  Author = {Sejdinovic, D. and Gretton, A.},
  note = {Gatsby Unit},
  Year = {2012},
  Title = {Foundations of {R}eproducing {K}ernel {H}ilberts {S}paces {I}{I}. {A}dvanced {T}opics in {M}achine {L}earning}
}

@unpublished{gretton2015rkhs,
  Author = {Gretton, Arthur},
  Year = {2015},
  Title = {Introduction to {RKHS}, and {S}ome {S}imple {K}ernel {A}lgorithms}
}

@book{bishop2006pattern,
  title={Pattern Recognition and Machine Learning},
  author={Bishop, Christopher M.},
  year={2006},
  publisher={Springer}
}

@book{nocedal2006numerical,
  title={Numerical Optimization},
  author={Nocedal, Jorge and Wright, Stephen J.},
  year={2006},
  publisher={Springer}
}
